001  0000291
005  20181024181727.954
008  181024s||||     bl|||||||||||||||||por|u
020    $a8523203370
040    $aPorto Alegre$bpor
080    $21997$a796.89(81)(=414)
090    $a796.89(81)(=414)$bA124c
100 1  $aAbid, Pedro
245 10 $aCapoeira Angola$bcultura popular e o jogo dos saberes na roda$cPedro Abib
300    $a244 p.
650    $aCapoeira
650    $aReligião
650    $aEscravos
650    $aSamba
650    $aCapoeira Angola
651    $aRio de Janeiro
651    $aGeográfia
651    $aBahia
